
@article{KitK19,
	title = {Thermodynamic limit of the two-spinon form factors for the zero field {XXX} chain},
	volume = {6},
	doi = {10.21468/scipostphys.6.6.076},
	number = {076},
	journaltitle = {{SciPost} Physics},
	author = {Kitanine, Nikolai and Kulkarni, Giridhar},
	date = {2019-06-25},
}
